<collection xmlns="http://www.loc.gov/MARC21/slim">
<record>
  <leader>02593nam0a2200421 i 450 </leader>
  <controlfield tag="001">IT\ICCU\CNCE\006224</controlfield>
  <controlfield tag="005">20150427000000.0</controlfield>
  <datafield tag="012" ind1=" " ind2=" ">
    <subfield code="a">uma- 8.iq i-is emsu (3) 1598 (A)</subfield>
    <subfield code="2">fei</subfield>
  </datafield>
  <datafield tag="100" ind1=" " ind2=" ">
    <subfield code="a">19970101d1598        0itac0103    ba</subfield>
  </datafield>
  <datafield tag="101" ind1=" " ind2=" ">
    <subfield code="a">LAT</subfield>
  </datafield>
  <datafield tag="102" ind1=" " ind2=" ">
    <subfield code="a">IT</subfield>
  </datafield>
  <datafield tag="200" ind1="1" ind2=" ">
    <subfield code="a">Tractatus tres Virginii de Boccatiis a Cingulo i.v.c. Romani. De censibus super constitutionibus Pij quinti, Martini, &amp; Calisti. De societatibus officiorum, iuxta consuetudinem Romanae Curiae. Et de pactis &amp; promissionibus, cum declaratione constitutionum Bonifacij octaui, et Gregorij XIII</subfield>
  </datafield>
  <datafield tag="210" ind1=" " ind2=" ">
    <subfield code="a">Romae</subfield>
    <subfield code="c">ex bibliotheca haeredum Hieronymi Franzini</subfield>
    <subfield code="c">typis Antonij Zannetti</subfield>
    <subfield code="d">1598</subfield>
    <subfield code="e">Romae</subfield>
    <subfield code="g">apud Antonium Zannettum</subfield>
    <subfield code="h">1598</subfield>
  </datafield>
  <datafield tag="215" ind1=" " ind2=" ">
    <subfield code="a">\8!, 142, \2!, 79, \1!, 86, \2! p.</subfield>
    <subfield code="d">4ʻ</subfield>
  </datafield>
  <datafield tag="620" ind1=" " ind2=" ">
    <subfield code="a">IT</subfield>
    <subfield code="d">Roma</subfield>
  </datafield>
  <datafield tag="700" ind1=" " ind2="1">
    <subfield code="a">Boccacci,</subfield>
    <subfield code="b">Virginio</subfield>
    <subfield code="3">IT\ICCU\CNCA\001781</subfield>
  </datafield>
  <datafield tag="712" ind1="0" ind2="0">
    <subfield code="a">Franzini, Girolamo - eredi</subfield>
    <subfield code="3">IT\ICCU\CNCT\001079</subfield>
    <subfield code="4">650</subfield>
  </datafield>
  <datafield tag="712" ind1="0" ind2="0">
    <subfield code="a">Zanetti, Antonio</subfield>
    <subfield code="3">IT\ICCU\CNCT\000880</subfield>
    <subfield code="4">650</subfield>
  </datafield>
  <datafield tag="790" ind1=" " ind2="1">
    <subfield code="a">Boccatiis,</subfield>
    <subfield code="b">Virginius : de</subfield>
    <subfield code="3">IT\ICCU\CNCA\007993</subfield>
    <subfield code="z">Boccacci, Virginio</subfield>
  </datafield>
  <datafield tag="790" ind1=" " ind2="0">
    <subfield code="a">Virginius</subfield>
    <subfield code="c"> : de#Boccatiis : a#Cingulo romanus</subfield>
    <subfield code="3">IT\ICCU\CNCA\012724</subfield>
    <subfield code="z">Boccacci, Virginio</subfield>
  </datafield>
  <datafield tag="790" ind1=" " ind2="1">
    <subfield code="a">Boccatiis de Cingulo,</subfield>
    <subfield code="b">Verginius : de</subfield>
    <subfield code="3">IT\ICCU\CNCA\017770</subfield>
    <subfield code="z">Boccacci, Virginio</subfield>
  </datafield>
  <datafield tag="791" ind1="0" ind2="0">
    <subfield code="a">Zannetti, Antonio</subfield>
    <subfield code="3">IT\ICCU\CNCT\003869</subfield>
    <subfield code="z">Zanetti, Antonio</subfield>
  </datafield>
  <datafield tag="791" ind1="0" ind2="0">
    <subfield code="a">Zannetus, Antonius</subfield>
    <subfield code="3">IT\ICCU\CNCT\005780</subfield>
    <subfield code="z">Zanetti, Antonio</subfield>
  </datafield>
  <datafield tag="791" ind1="0" ind2="0">
    <subfield code="a">Zannettus, Antonius</subfield>
    <subfield code="3">IT\ICCU\CNCT\005781</subfield>
    <subfield code="z">Zanetti, Antonio</subfield>
  </datafield>
  <datafield tag="801" ind1=" " ind2="3">
    <subfield code="a">IT</subfield>
    <subfield code="b">ICCU</subfield>
    <subfield code="c">20201113</subfield>
  </datafield>
  <datafield tag="899" ind1=" " ind2=" ">
    <subfield code="a">Biblioteca comunale Tommaso Fazello. Sciacca</subfield>
    <subfield code="1">AG0042</subfield>
    <subfield code="2">AGR 23</subfield>
  </datafield>
  <datafield tag="899" ind1=" " ind2=" ">
    <subfield code="a">Biblioteca Giuridica Antonio Cicu - Alma Mater Studiorum - Universit ̉di Bologna. Bologna</subfield>
    <subfield code="1">BO0036</subfield>
    <subfield code="2">UBO IG</subfield>
  </datafield>
  <datafield tag="899" ind1=" " ind2=" ">
    <subfield code="a">Biblioteca comunale dell&apos;Archiginnasio. Bologna</subfield>
    <subfield code="1">BO0304</subfield>
    <subfield code="2">UBO GA</subfield>
  </datafield>
  <datafield tag="899" ind1=" " ind2=" ">
    <subfield code="a">Biblioteca della Rubiconia Accademia dei Filopatridi. Savignano sul Rubicone</subfield>
    <subfield code="1">FC0067</subfield>
    <subfield code="2">RAV AF</subfield>
  </datafield>
  <datafield tag="899" ind1=" " ind2=" ">
    <subfield code="a">Biblioteca Giovardiana. Veroli</subfield>
    <subfield code="1">FR0072</subfield>
    <subfield code="2">RMS G1</subfield>
  </datafield>
  <datafield tag="899" ind1=" " ind2=" ">
    <subfield code="a">Biblioteca regionale universitaria. Messina</subfield>
    <subfield code="1">ME0050</subfield>
    <subfield code="2">PAL BM</subfield>
  </datafield>
  <datafield tag="899" ind1=" " ind2=" ">
    <subfield code="a">Biblioteca dell&apos;Abbazia S. Benedetto. Seregno</subfield>
    <subfield code="1">MI0441</subfield>
    <subfield code="2">ZMI 23</subfield>
  </datafield>
  <datafield tag="899" ind1=" " ind2=" ">
    <subfield code="a">Biblioteca comunale Forteguerriana. Pistoia</subfield>
    <subfield code="1">PT0025</subfield>
    <subfield code="2">RT1 IE</subfield>
  </datafield>
  <datafield tag="899" ind1=" " ind2=" ">
    <subfield code="a">Biblioteca universitaria. Pavia</subfield>
    <subfield code="1">PV0291</subfield>
    <subfield code="2">MIL UP</subfield>
  </datafield>
  <datafield tag="899" ind1=" " ind2=" ">
    <subfield code="a">Biblioteca nazionale centrale. Roma</subfield>
    <subfield code="1">RM0267</subfield>
    <subfield code="2">BVE CR</subfield>
  </datafield>
  <datafield tag="899" ind1=" " ind2=" ">
    <subfield code="a">Biblioteca comunale Ugo Nomi Venerosi-Pesciolini. San Gimignano</subfield>
    <subfield code="1">SI0037</subfield>
    <subfield code="2">RT1 PN</subfield>
  </datafield>
  <datafield tag="911" ind1=" " ind2=" ">
    <subfield code="a">Sul front.</subfield>
    <subfield code="9">IT\ICCU\CNCM\001407</subfield>
  </datafield>
  <datafield tag="921" ind1=" " ind2=" ">
    <subfield code="a">IT\ICCU\CNCM\001407</subfield>
    <subfield code="b">Fontana zampillante. In basso la scritta: Fons plateae S. Petri</subfield>
    <subfield code="c">U350</subfield>
    <subfield code="d">Dimensioni: 5,3 x 6,5</subfield>
    <subfield code="f">FONTANA</subfield>
    <subfield code="f">FONSPLATAE</subfield>
    <subfield code="g">1598</subfield>
  </datafield>
</record>
</collection>
